@book{Thrun:2005:PR:1121596,
 author = {Thrun, Sebastian and Burgard, Wolfram and Fox, Dieter},
 title = {Probabilistic Robotics (Intelligent Robotics and Autonomous Agents)},
 year = {2005},
 isbn = {0262201623},
 publisher = {The MIT Press},
} 
 
@article{Hauweele:2013,
author = {Pierre Hauweele},
title = {SLAM : un problème de
localisation et de
cartographie simultanées},
 year = {2013},
 school = {UMons},
}


@article{NYT2010,
author= {John Markoff},
year ={2010},
title = {Google Cars Drive Themselves, in Traffic},
journal = {The New York Times}

}



@article{bbc2013,
year ={2013},
title = {Nissan car drives and parks itself at Ceatec},
journal = {BBC}

}


@article{ToyotaBot,
year ={2013},
title = {Toyota sneak previews self-drive car ahead of tech show|publisher},
journal = {BBC}
}


@article{OliveiraLejos,
author = {Gerardo Oliveira and Ricardo Silva and Tiago Lira and Luis Paulo Reis},
title = {Environment Mapping using the Lego Mindstorms NXT and leJOS NXJ}, 
school = {University Porto},
}

@INPROCEEDINGS{Harris88acombined,
    author = {Chris Harris and Mike Stephens},
    title = {A combined corner and edge detector},
    booktitle = {In Proc. of Fourth Alvey Vision Conference},
    year = {1988},
    pages = {147--151},
}

@incollection{Moravec_1980_22,
   author = "Hans Moravec",
   title = "Obstacle Avoidance and Navigation in the Real World by a Seeing Robot Rover",
   booktitle = "tech. report CMU-RI-TR-80-03, Robotics Institute, Carnegie Mellon University  doctoral dissertation, Stanford University",
   month = "September",
   year = "1980",
   number= "CMU-RI-TR-80-03",
   Notes = "Available as Stanford AIM-340, CS-80-813 and republished as a Carnegie Mellon University Robotics Institue Technical Report to increase availability"
}

@ARTICLE{Canny86acomputational,
    author = {John Canny},
    title = {A computational approach to edge detection},
    journal = {IEEE Transactions on Pattern Analysis and Machine Intelligence},
    year = {1986}
}


@ARTICLE{Kalman61newresults,
    author = {R. E. Kalman and R. S. Bucy},
    title = {New results in linear filtering and prediction theory},
    journal = {Trans. ASME, Ser. D, J. Basic Eng},
    year = {1961},
    pages = {109}
}



@ARTICLE{Smith1962,
    author = {G.L. Smith},
    title = { Application of statistical filter theory to the optimal estimation of position and velocity on board a circumlunar vehicle},
    year = {1962},
    journal ={National Aeronautics and Space Administration}
}
@ARTICLE{futura-sciences,
    author = {Daniel Ichbiah},
    title = { Le robot domestique, du rêve à la réalité},
    year = {2009},
    journal ={futura-sciences.com}
}


@techreport{bib:Rekleitis2004,
    address = {Montreal, Quebec, Canada, McGill University},
    author = {Rekleitis, Ioannis},
    citeulike-article-id = {7133284},
    institution = {Centre for Intelligent Machines},
    posted-at = {2010-05-07 01:20:37},
    priority = {2},
    title = {{A particle filter tutorial for mobile robot localization.}},
    year = {2004}
}


@ARTICLE{osha.gov,
    author = {osha},
    title = {Industrial Robots and Robot System Safety},
    journal ={www.osha.gov}
}


@ARTICLE{1263228, 
author={Blackman, S.S.}, 
journal={Aerospace and Electronic Systems Magazine, IEEE}, 
title={Multiple hypothesis tracking for multiple target tracking}, 
year={2004}, 
month={Jan}, 
volume={19}, 
number={1}, 
pages={5-18}, 
keywords={Kalman filters;covariance matrices;military radar;reviews;sensor fusion;target tracking;tracking filters;Gaussian mixture;Kalman filter;alternative implementations;data association problem;global nearest neighbor;interacting multiple model method;missile defense systems;multiple filter models;multiple hypothesis tracking;multiple target tracking systems;surveillance systems;Filters;Infrared sensors;Nearest neighbor searches;Radar clutter;Radar measurements;Radar tracking;Research and development;Sensor systems;Surveillance;Target tracking}, 
doi={10.1109/MAES.2004.1263228}, 
ISSN={0885-8985},
}




@INPROCEEDINGS{4621305, 
author={Trung-Dung Vu and Burlet, J. and Aycard, O.}, 
booktitle={Intelligent Vehicles Symposium, 2008 IEEE}, 
title={Grid-based localization and online mapping with moving objects detection and tracking: new results}, 
year={2008}, 
month={June}, 
pages={684-689}, 
keywords={SLAM (robots);adaptive filters;mobile robots;object detection;optical scanners;road vehicles;Daimler Mercedes demonstrator;European Project PReVENT-ProFusion2;adaptive interacting multiple model filter;detection and tracking of moving objects;grid-based localization;incremental scan matching method;laser scanner;multiple hypothesis tracker;odometry;online mapping;simultaneous localization and mapping;Laser radar;Mobile robots;Object detection;Remotely operated vehicles;Sensor fusion;Simultaneous localization and mapping;Target tracking;Vehicle detection;Vehicle driving;Vehicle dynamics}, 
doi={10.1109/IVS.2008.4621305}, 
ISSN={1931-0587},}



@inproceedings{Stentz_1985_1234,
   author = "R. Wallace and Anthony (Tony) Stentz and Chuck Thorpe and Hans Moravec and William (Red) L. Whittaker and Takeo Kanade",
   title = "First Results in Robot Road-Following",
   booktitle = "Proceedings of the International Joint Conference on Artificial Intelligence",
   year = "1985",
}


@inproceedings{Kanade:1986:ALV:324634.325197,
 author = {Kanade, Takeo and Thorpe, Chuck and Whittaker, William},
 title = {Autonomous Land Vehicle Project at CMU},
 booktitle = {Proceedings of the 1986 ACM Fourteenth Annual Conference on Computer Science},
 series = {CSC '86},
 year = {1986},
 isbn = {0-89791-177-6},
 location = {Cincinnati, Ohio, USA},
 pages = {71--80},
 numpages = {10},
 url = {http://doi.acm.org/10.1145/324634.325197},
 doi = {10.1145/324634.325197},
 acmid = {325197},
 publisher = {ACM},
 address = {New York, NY, USA},
} 



 @ARTICLE{ortho,
  author = {Academie francaise},
  title = {Rectifications de l'orthographe},
  year = 1990,
 journal ={www.academie-francaise.fr}
}

@ARTICLE{EWD287,
   author = "Edsger W. Dijkstra",
   title ={A short introduction into the art of programming},
   year = "1971",
   note = "circulated privately",
   url = "http://www.cs.utexas.edu/users/EWD/ewd02xx/EWD287.PDF",
   pages   = {67-73}
   
   }


@ARTICLE{AICPub834,
  AUTHOR={P. E. Hart and N. J. Nilsson and B. Raphael},
  TITLE={A formal basis for the heuristic determination of minimum cost paths},
  JOURNAL={IEEE Transactions on Systems, Science, and Cybernetics},
  PAGES={100-107},
  NUMBER={2},
  VOLUME={SSC-4},
  YEAR={1968}
}

@book{bessiere:hal-00905797,
  TITLE = {{Bayesian Programming}},
  AUTHOR = {Bessi{\`e}re, Pierre and Mazer, Emmanuel and Ahuactzin-Larios, Juan Manuel and Mekhnacha, Kamel},
  URL = {https://hal.archives-ouvertes.fr/hal-00905797},
  PUBLISHER = {{CRC Press}},
  PAGES = {380},
  YEAR = {2013},
  MONTH = Dec,
  HAL_ID = {hal-00905797},
  HAL_VERSION = {v1},
}


@INPROCEEDINGS{1169273, 
author={Saint-Felix, D. and Xue Du and Demoment, G.}, 
booktitle={Acoustics, Speech, and Signal Processing, IEEE International Conference on ICASSP '86.}, 
title={Image deconvolution using 2-D non-causal fast Kalman filters}, 
year={1986}, 
month={Apr}, 
volume={11}, 
pages={2455-2458}, 
keywords={Convolution;Covariance matrix;Deconvolution;Degradation;Equations;Filters;Image restoration;Recursive estimation;State-space methods;Two dimensional displays}, 
doi={10.1109/ICASSP.1986.1169273},}


@article{TrafficFlow,
year={2001},
issn={1566-113X},
journal={Networks and Spatial Economics},
volume={1},
number={1-2},
doi={10.1023/A:1011537329508},
title={The Importance of Traffic Flow Modeling for Motorway Traffic Control},
url={http://dx.doi.org/10.1023/A%3A1011537329508},
publisher={Kluwer Academic Publishers},
keywords={traffic control; traffic flow models; traffic state estimation; ramp metering; optimal control},
author={Kotsialos, A. and Papageorgiou, M.},
pages={179-203},
language={English}
}


 @misc{ wiki:cholesky,
   author = "Wikipedia",
   title = "Cholesky decomposition --- Wikipedia{,} The Free Encyclopedia",
   year = "2015",
   url = "https://en.wikipedia.org/w/index.php?title=Cholesky_decomposition&oldid=670390857",
   note = "[Online; accessed 3-August-2015]"
 }

